<record><leader>00000cas a22000007a 4500</leader><controlfield tag="001">10489167</controlfield><controlfield tag="008">840306d1831183umeuwr ne      0    0eng d</controlfield><datafield ind1=" " ind2=" " tag="010"><subfield code="a">sn 84022577 </subfield></datafield><datafield ind1=" " ind2=" " tag="040"><subfield code="a">NPX</subfield><subfield code="b">eng</subfield><subfield code="c">NPX</subfield><subfield code="d">MBN</subfield><subfield code="d">OCL</subfield><subfield code="d">OCLCG</subfield><subfield code="d">OCLCQ</subfield><subfield code="d">OCLCF</subfield><subfield code="d">OCLCO</subfield></datafield><datafield ind1=" " ind2=" " tag="042"><subfield code="a">msc</subfield></datafield><datafield ind1=" " ind2=" " tag="043"><subfield code="a">n-us-me</subfield></datafield><datafield ind1="0" ind2="0" tag="245"><subfield code="a">Yankee and laborer's journal.</subfield></datafield><datafield ind1=" " ind2=" " tag="260"><subfield code="a">Wiscasset, Me. :</subfield><subfield code="b">Erastus Brooks</subfield></datafield><datafield ind1=" " ind2=" " tag="300"><subfield code="a">v.</subfield></datafield><datafield ind1=" " ind2=" " tag="310"><subfield code="a">Weekly</subfield></datafield><datafield ind1="1" ind2=" " tag="362"><subfield code="a">Began with May 17, 1831? issue.</subfield><subfield code="z">Cf. Gregory, W. Amer. newspapers.</subfield></datafield><datafield ind1=" " ind2=" " tag="500"><subfield code="a">Editor: E. Brooks.</subfield></datafield><datafield ind1=" " ind2=" " tag="500"><subfield code="a">Publisher: Henry M. Hewes, &lt;1832&gt;.</subfield></datafield><datafield ind1=" " ind2=" " tag="588"><subfield code="a">Description based on: Vol. 1, no. 10 (July 14, 1831).</subfield></datafield><datafield ind1=" " ind2="0" tag="651"><subfield code="a">Wiscasset (Me.)</subfield><subfield code="v">Newspapers.</subfield></datafield><datafield ind1=" " ind2="7" tag="655"><subfield code="a">Newspapers.</subfield><subfield code="2">fast</subfield><subfield code="0">(OCoLC)fst01423814</subfield></datafield><datafield ind1=" " ind2="7" tag="651"><subfield code="a">Maine</subfield><subfield code="z">Wiscasset.</subfield><subfield code="2">fast</subfield><subfield code="0">(OCoLC)fst01262173</subfield></datafield><datafield ind1="1" ind2=" " tag="700"><subfield code="a">Brooks, Erastus,</subfield><subfield code="d">1815-1886.</subfield></datafield><datafield ind1=" " ind2=" " tag="752"><subfield code="a">United States</subfield><subfield code="b">Maine</subfield><subfield code="c">Lincoln</subfield><subfield code="d">Wiscasset.</subfield></datafield></record>